@article{EKiss2008,
    author = {Ã‰. Kiss, Katalin},
    title = {Free Word Order, (Non)configurationality, and Phases},
    journaltitle = {Linguistic Inquiry},
    volume = {39},
    number = {3},
    year = {2008},
    pages = {441--475},
    doi = {10.1162/ling.2008.39.3.441},
}